<record xmlns="http://www.loc.gov/MARC21/slim">
   <leader>02999cam a2200553 i 4500</leader>
   <controlfield tag="001">6811395</controlfield>
   <controlfield tag="003">OCoLC</controlfield>
   <controlfield tag="005">20150210123046.0</controlfield>
   <controlfield tag="008">140930s2015    ne a     b    001 0 eng  </controlfield>
   <datafield ind1=" " ind2=" " tag="010">
      <subfield code="a">  2014029734</subfield>
   </datafield>
   <datafield ind1=" " ind2=" " tag="015">
      <subfield code="a">GBB4C0594</subfield>
      <subfield code="2">bnb</subfield>
   </datafield>
   <datafield ind1="7" ind2=" " tag="016">
      <subfield code="a">016913990</subfield>
      <subfield code="2">Uk</subfield>
   </datafield>
   <datafield ind1=" " ind2=" " tag="020">
      <subfield code="a">9789004272699 (hardback : acid-free paper)</subfield>
   </datafield>
   <datafield ind1=" " ind2=" " tag="020">
      <subfield code="a">9004272690 (hardback : acid-free paper)</subfield>
   </datafield>
   <datafield ind1=" " ind2=" " tag="020">
      <subfield code="z">9789004281851 (e-book)</subfield>
   </datafield>
   <datafield ind1=" " ind2=" " tag="035">
      <subfield code="a">ocn889181224</subfield>
   </datafield>
   <datafield ind1=" " ind2=" " tag="040">
      <subfield code="a">DLC</subfield>
      <subfield code="b">eng</subfield>
      <subfield code="e">rda</subfield>
      <subfield code="c">DLC</subfield>
      <subfield code="d">BTCTA</subfield>
      <subfield code="d">YDXCP</subfield>
      <subfield code="d">OHX</subfield>
      <subfield code="d">UKMGB</subfield>
      <subfield code="d">CUS</subfield>
      <subfield code="d">GZM</subfield>
      <subfield code="d">COO</subfield>
      <subfield code="d">ZCU</subfield>
      <subfield code="d">DGU</subfield>
      <subfield code="d">STF</subfield>
      <subfield code="d">AEU</subfield>
   </datafield>
   <datafield ind1=" " ind2=" " tag="042">
      <subfield code="a">pcc</subfield>
   </datafield>
   <datafield ind1=" " ind2=" " tag="043">
      <subfield code="a">e-it---</subfield>
   </datafield>
   <datafield ind1="0" ind2="0" tag="050">
      <subfield code="a">DG69</subfield>
      <subfield code="b">.N33 2015</subfield>
   </datafield>
   <datafield ind1=" " ind2="7" tag="072">
      <subfield code="a">DG</subfield>
      <subfield code="2">lcco</subfield>
   </datafield>
   <datafield ind1=" " ind2="7" tag="072">
      <subfield code="a">BL</subfield>
      <subfield code="2">lcco</subfield>
   </datafield>
   <datafield ind1="0" ind2="0" tag="082">
      <subfield code="a">398/.3293763</subfield>
      <subfield code="2">23</subfield>
   </datafield>
   <datafield ind1=" " ind2=" " tag="090">
      <subfield code="a">DG 69 N33 2015</subfield>
      <subfield code="b">AEU</subfield>
   </datafield>
   <datafield ind1=" " ind2=" " tag="090">
      <subfield code="a">DG69 .N33 2015</subfield>
      <subfield code="b">AEGMCT</subfield>
   </datafield>
   <datafield ind1="1" ind2=" " tag="100">
      <subfield code="a">Neel, Jaclyn.</subfield>
   </datafield>
   <datafield ind1="1" ind2="0" tag="245">
      <subfield code="a">Legendary rivals :</subfield>
      <subfield code="b">collegiality and ambition in the tales of early Rome /</subfield>
      <subfield code="c">by Jaclyn Neel.</subfield>
   </datafield>
   <datafield ind1=" " ind2="1" tag="264">
      <subfield code="a">Leiden :</subfield>
      <subfield code="b">Brill,</subfield>
      <subfield code="c">2015.</subfield>
   </datafield>
   <datafield ind1=" " ind2=" " tag="300">
      <subfield code="a">x, 274 pages :</subfield>
      <subfield code="b">color illustrations ;</subfield>
      <subfield code="c">24 cm.</subfield>
   </datafield>
   <datafield ind1=" " ind2=" " tag="336">
      <subfield code="a">text</subfield>
      <subfield code="b">txt</subfield>
      <subfield code="2">rdacontent</subfield>
   </datafield>
   <datafield ind1=" " ind2=" " tag="337">
      <subfield code="a">unmediated</subfield>
      <subfield code="b">n</subfield>
      <subfield code="2">rdamedia</subfield>
   </datafield>
   <datafield ind1=" " ind2=" " tag="338">
      <subfield code="a">volume</subfield>
      <subfield code="b">nc</subfield>
      <subfield code="2">rdacarrier</subfield>
   </datafield>
   <datafield ind1="1" ind2=" " tag="490">
      <subfield code="a">Mnemosyne supplements : monographs on Greek and Latin language and literature,</subfield>
      <subfield code="x">0169-8958 ;</subfield>
      <subfield code="v">volume 372</subfield>
   </datafield>
   <datafield ind1=" " ind2=" " tag="504">
      <subfield code="a">Includes bibliographical references and index.</subfield>
   </datafield>
   <datafield ind1="0" ind2=" " tag="505">
      <subfield code="a">Setting the Stage -- Birds -- Invective -- Rites -- Art -- Walls -- Parallels -- Tyrants.</subfield>
   </datafield>
   <datafield ind1="2" ind2=" " tag="520">
      <subfield code="a">"In Legendary Rivals, Jaclyn Neel argues for a new interpretation of the foundation myths of Rome. Instead of a negative portrayal of the city's early history, these tales offer a didactic paradigm of the correct way to engage in competition. Accounts from the triumviral period stress the dysfunctional nature of the city's foundation to capture the memory of Rome's civil wars. Republican evidence suggests a different emphasis. Through diachronic analyses of the tales of Romulus and Remus, Amulius and Numitor, Brutus and Collatinus, and Camillus and Manlius Capitolinus, Neel shows that Romans of the Republic and early Principate would have seen these stories as examples of competition that pushed the bounds of propriety"--Provided by publisher.</subfield>
   </datafield>
   <datafield ind1=" " ind2=" " tag="596">
      <subfield code="a">29 43</subfield>
   </datafield>
   <datafield ind1=" " ind2="0" tag="650">
      <subfield code="a">Competition (Psychology)</subfield>
      <subfield code="x">History</subfield>
      <subfield code="y">To 1500</subfield>
      <subfield code="v">Sources.</subfield>
   </datafield>
   <datafield ind1=" " ind2="0" tag="650">
      <subfield code="a">Tales</subfield>
      <subfield code="z">Italy</subfield>
      <subfield code="z">Rome.</subfield>
   </datafield>
   <datafield ind1=" " ind2="0" tag="650">
      <subfield code="a">Legends</subfield>
      <subfield code="z">Italy</subfield>
      <subfield code="z">Rome.</subfield>
   </datafield>
   <datafield ind1=" " ind2="0" tag="650">
      <subfield code="a">Mythology, Roman.</subfield>
   </datafield>
   <datafield ind1=" " ind2="0" tag="651">
      <subfield code="a">Rome (Italy)</subfield>
      <subfield code="x">History</subfield>
      <subfield code="y">To 476</subfield>
      <subfield code="v">Sources.</subfield>
   </datafield>
   <datafield ind1=" " ind2="0" tag="651">
      <subfield code="a">Rome (Italy)</subfield>
      <subfield code="x">Civilization</subfield>
      <subfield code="v">Sources.</subfield>
   </datafield>
   <datafield ind1=" " ind2="0" tag="651">
      <subfield code="a">Rome (Italy)</subfield>
      <subfield code="v">Folklore.</subfield>
   </datafield>
   <datafield ind1=" " ind2="0" tag="830">
      <subfield code="a">Mnemosyne, bibliotheca classica Batava.</subfield>
      <subfield code="p">Supplementum ;</subfield>
      <subfield code="v">372.</subfield>
      <subfield code="x">0169-8958</subfield>
   </datafield>
   <datafield ind1=" " ind2=" " tag="949">
      <subfield code="a">DG 69 N33 2015</subfield>
      <subfield code="h">UAHS-B</subfield>
      <subfield code="i">0162034228807</subfield>
   </datafield>
   <datafield ind1=" " ind2=" " tag="926">
      <subfield code="a">DG 69 N33 2015</subfield>
      <subfield code="w">LC</subfield>
      <subfield code="c">1</subfield>
      <subfield code="i">0162034228807</subfield>
      <subfield code="l">ON_SHELF</subfield>
      <subfield code="m">UAHSS</subfield>
      <subfield code="p">$150.00</subfield>
      <subfield code="r">Y</subfield>
      <subfield code="s">Y</subfield>
      <subfield code="t">BOOK</subfield>
      <subfield code="u">2/24/2015</subfield>
   </datafield>
   <datafield ind1=" " ind2=" " tag="926">
      <subfield code="a">DG 69 N33 2015</subfield>
      <subfield code="w">LC</subfield>
      <subfield code="c">2</subfield>
      <subfield code="i">0162034482461</subfield>
      <subfield code="l">ON_SHELF</subfield>
      <subfield code="m">UAHSS</subfield>
      <subfield code="p">$150.00</subfield>
      <subfield code="r">Y</subfield>
      <subfield code="s">Y</subfield>
      <subfield code="t">BOOK</subfield>
      <subfield code="u">7/24/2015</subfield>
      <subfield code="z">OCLC_ADD</subfield>
   </datafield>
   <datafield ind1=" " ind2=" " tag="926">
      <subfield code="a">DG69 .N33 2015</subfield>
      <subfield code="w">LC</subfield>
      <subfield code="c">1</subfield>
      <subfield code="i">1007408139</subfield>
      <subfield code="d">3/27/2017</subfield>
      <subfield code="e">3/16/2017</subfield>
      <subfield code="l">ON_SHELF</subfield>
      <subfield code="m">GR_MACEWAN</subfield>
      <subfield code="n">1</subfield>
      <subfield code="p">$194.53</subfield>
      <subfield code="r">Y</subfield>
      <subfield code="s">Y</subfield>
      <subfield code="t">BOOK</subfield>
      <subfield code="u">3/31/2015</subfield>
   </datafield>
</record>
